<?xml version="1.0" encoding="UTF-8"?>
<record xmlns="http://www.loc.gov/MARC21/slim" xmlns:xsi="http://www.w3.org/2001/XMLSchema-instance" xsi:schemaLocation="http://www.loc.gov/MARC21/slim http://www.loc.gov/standards/marcxml/schema/MARC21slim.xsd">
<leader>     cam a2200265 a 4500</leader>
<controlfield tag="001">002297714</controlfield>
<controlfield tag="003">NNU</controlfield>
<controlfield tag="005">20061010172208.0</controlfield>
<controlfield tag="008">910402m19879999ir       i    000 0 ara d</controlfield>
<datafield tag="035" ind1="9" ind2=" ">
<subfield code="a">NYUb11400601</subfield>
</datafield>
<datafield tag="035" ind1=" " ind2=" ">
<subfield code="a">(CStRLIN)NYUG91-B18194</subfield>
</datafield>
<datafield tag="040" ind1=" " ind2=" ">
<subfield code="a">NjP</subfield>
<subfield code="c">NjP</subfield>
<subfield code="d">NNU</subfield>
</datafield>
<datafield tag="066" ind1=" " ind2=" ">
<subfield code="c">(3</subfield>
</datafield>
<datafield tag="090" ind1=" " ind2=" ">
<subfield code="a">BP193.27</subfield>
<subfield code="b">.F537 1987</subfield>
</datafield>
<datafield tag="245" ind1="0" ind2="0">
<subfield code="6">880-01</subfield>
<subfield code="a">Fihris aḥādīth Ahl al-Bayt ʻalayhum al-salām /</subfield>
<subfield code="c">iʻdād Majmaʻ al-Buḥūth al-Islāmīyah.</subfield>
</datafield>
<datafield tag="250" ind1=" " ind2=" ">
<subfield code="6">880-02</subfield>
<subfield code="a">al-Ṭabʻah 1.</subfield>
</datafield>
<datafield tag="260" ind1=" " ind2=" ">
<subfield code="6">880-03</subfield>
<subfield code="a">Mashhad, Īrān :</subfield>
<subfield code="b">Majmaʻ al-Buḥūth al-Islāmīyah,</subfield>
<subfield code="c">1408- [1987 or 1988- ]</subfield>
</datafield>
<datafield tag="300" ind1=" " ind2=" ">
<subfield code="a">v. ;</subfield>
<subfield code="c">21 x 26 cm.</subfield>
</datafield>
<datafield tag="500" ind1=" " ind2=" ">
<subfield code="a">Cover title.</subfield>
</datafield>
<datafield tag="505" ind1="1" ind2=" ">
<subfield code="a">al-juzʼ 1. al-Āmālī / lil-Shaykh al-Ṣadūq -- al-juzʼ 2. ʻIlal al-sharāyiʻ / lil-Shaykh al-Ṣadūq -- al-juzʼ 3. Kitāb al-khiṣāl / lil-Shaykh al-Ṣadūq -- al-juzʼ 4. Kamāl al-Dīn / lil-Shaykh al-Ṣadūq -- al-juzʼ 5. ʻUyūn akhbār al-Riḍā / lil-Shaykh al-Ṣadūq -- al-juzʼ 6. al-Tawḥīd / lil-Shaykh al-Ṣadūq -- al-juzʼ 7. Maʻānī al-akhbār / lil-Shaykh al-Ṣadūq -- al-juzʼ 8. Man lā yaḥḍaruhu al-faqīh / lil-Shaykh al-Ṣadūq -- al-juzʼ 9. Thawāb al-aʻmāl wa-ʻiqāb al-aʻmāl / lil-Shaykh al-Ṣadūq -- al-juzʼ 10-14. al-Mawāʻiẓ-Muṣādaqat al-ikhwān-Faḍāʼil al-shīʻah-Ṣifāt al-shīʻah-Faḍāʼil al-ashhur al-thalāthah / lil-Shaykh al-Ṣadūq -- al-juzʼ 15. al-Muqniʻ wa-al-hidāyah / lil-Shaykh al-Ṣadūq -- al-juzʼ 16. al-Ūṣūl min al-Kāfī / lil-Kulaynī al-Rāzī -- al-juzʼ 18. al-Rawḍah min al-Kāfī / lil-Kulaynī al-Rāzī -- al-juzʼ 19-21. al-Āmālī-al-Irshād-al-Ikhtiṣāṣ / lil-Shaykh al-Mufīd -- al-juzʼ 22. al-Istibṣār / lil-Shaykh al-Ṭūsī -- al-juzʼ 24-25. al-Āmālī-al-Ghaybah / lil-Shaykh al-Ṭūsī -- al-juzʼ 27. al-Furūʻ min al-Kāfī / lil-Kulaynī al-Rāzī.</subfield>
</datafield>
<datafield tag="650" ind1=" " ind2="0">
<subfield code="a">Hadith (Shiites)</subfield>
<subfield code="v">Indexes.</subfield>
</datafield>
<datafield tag="710" ind1="2" ind2=" ">
<subfield code="a">Majmaʻ al-Buḥūth al-Islāmīyah.</subfield>
</datafield>
<datafield tag="880" ind1="0" ind2="0">
<subfield code="6">245-01/</subfield>
<subfield code="a">فهرس أحاديث أهل البيت عليهم السلام /</subfield>
<subfield code="c">إعداد مجمع البحوث الاسلامية.</subfield>
</datafield>
<datafield tag="880" ind1=" " ind2=" ">
<subfield code="6">250-02/</subfield>
<subfield code="a">الطبعة ١.</subfield>
</datafield>
<datafield tag="880" ind1=" " ind2=" ">
<subfield code="6">260-03/</subfield>
<subfield code="a">مشهد، ايران :</subfield>
<subfield code="c">مجمع البحوث الاسلاميه،</subfield>
<subfield code="c">-١٤٠٧</subfield>
</datafield>
<datafield tag="OWN" ind1=" " ind2=" ">
<subfield code="a">GENERAL</subfield>
</datafield>
<datafield tag="998" ind1=" " ind2=" ">
<subfield code="a">19981110</subfield>
<subfield code="d">19910402</subfield>
<subfield code="d">19981110</subfield>
<subfield code="n">NNU</subfield>
<subfield code="s">1</subfield>
<subfield code="t">c</subfield>
<subfield code="z">p</subfield>
</datafield>
<datafield tag="AVA" ind1=" " ind2=" ">
<subfield code="a">NYU50</subfield>
<subfield code="b">BOBST</subfield>
<subfield code="c">Main Collection</subfield>
<subfield code="d">BP193.27 .F537 1987</subfield>
<subfield code="e">unavailable</subfield>
<subfield code="t">Unavailable</subfield>
<subfield code="f">3</subfield>
<subfield code="g">3</subfield>
<subfield code="h">Y</subfield>
<subfield code="i">0</subfield>
<subfield code="j">MAIN</subfield>
<subfield code="k">0</subfield>
</datafield>
</record>
